@book{arnold1992ordinary,
  title={Ordinary differential equations},
  author={Arnold, Vladimir I},
  year={1992},
  publisher={Springer Science \& Business Media}
}
@BOOK{2004,
  title={Ordinary differential equations},
  author={Zhuoqun Wu and Yong Li},
  year={2004}, 
  publisher={Beijing: Higher Education Press Co., Ltd.}
}
@BOOK{2001,
  title={Qualitative and Stability Methods for Ordinary Differential Equations}, 
  author={Zhien Ma and Yicang Zhou and Chengzhi Li}, 
  year={2001}, 
  publisher={Science Press}
}
