@BOOK{2004,
  title={常微分方程},
  author={伍卓群 and 李勇},
  year={2004},
  publisher={北京: 高等教育出版社}
}
@BOOK{2001,
  title={常微分方程定性与稳定性方法},
  author={马知恩 and 周义仓 and 李承治},
  volume={85},
  year={2001},
  publisher={科学出版社}
}
